<?xml version="1.0" encoding="UTF-8"?><record xmlns="http://www.loc.gov/MARC21/slim" xmlns:cinclude="http://apache.org/cocoon/include/1.0" xmlns:zs="http://www.loc.gov/zing/srw/">
  <leader>00800nz  a2200205n  4500</leader>
  <controlfield tag="001">no2015085907</controlfield>
  <controlfield tag="003">DLC</controlfield>
  <controlfield tag="005">20150701073503.0</controlfield>
  <controlfield tag="008">150630n| azannaabn          |b aaa     c</controlfield>
  <datafield tag="010" ind1=" " ind2=" ">
    <subfield code="a">no2015085907</subfield>
  </datafield>
  <datafield tag="035" ind1=" " ind2=" ">
    <subfield code="a">(OCoLC)oca10205626</subfield>
  </datafield>
  <datafield tag="040" ind1=" " ind2=" ">
    <subfield code="a">NNC-EA</subfield>
    <subfield code="b">eng</subfield>
    <subfield code="e">rda</subfield>
    <subfield code="c">NNC</subfield>
  </datafield>
  <datafield tag="046" ind1=" " ind2=" ">
    <subfield code="f">1972</subfield>
  </datafield>
  <datafield tag="100" ind1="1" ind2=" ">
    <subfield code="a">Shibuya, Tomomi,</subfield>
    <subfield code="d">1972-</subfield>
  </datafield>
  <datafield tag="372" ind1=" " ind2=" ">
    <subfield code="a">Educational sociology</subfield>
    <subfield code="a">Sociology</subfield>
    <subfield code="2">lcsh</subfield>
  </datafield>
  <datafield tag="373" ind1=" " ind2=" ">
    <subfield code="a">Tōkyō Keizai Daigaku</subfield>
    <subfield code="2">naf</subfield>
  </datafield>
  <datafield tag="377" ind1=" " ind2=" ">
    <subfield code="a">jpn</subfield>
  </datafield>
  <datafield tag="400" ind1="1" ind2=" ">
    <subfield code="a">澁谷知美,</subfield>
    <subfield code="d">1972-</subfield>
  </datafield>
  <datafield tag="667" ind1=" " ind2=" ">
    <subfield code="a">Non-Latin script reference not evaluated</subfield>
  </datafield>
  <datafield tag="670" ind1=" " ind2=" ">
    <subfield code="a">Risshin shusse to kahanshin, 2013:</subfield>
    <subfield code="b">t.p. (澁谷知美 = Shibuya Tomomi; Tomomi Shibuya [in rom.]) page preceding colophon (b. 1972; doctor in education, Tōkyō Daigaku; associate prof., Tōkyō Keizai Daigaku; spec., educational sociology, sociology)</subfield>
  </datafield>
</record>